<?xml version="1.0" encoding="UTF-8"?><collection xmlns="http://www.loc.gov/MARC21/slim"><record><leader>00406nam--2200145-i-4500</leader><controlfield tag="001">000017598</controlfield><controlfield tag="002">20161230</controlfield><controlfield tag="005">20170114000716</controlfield><controlfield tag="008">060222s1000------------r-----000-0-eng-d</controlfield><datafield ind1=" " ind2=" " tag="080"><subfield code="a">62-52</subfield></datafield><datafield ind1=" " ind2=" " tag="245"><subfield code="a">Afips conference proceedings fall joint computer conference</subfield></datafield><datafield ind1=" " ind2=" " tag="260"><subfield code="a">London</subfield><subfield code="b">Cleaver-Hume Press</subfield><subfield code="c">1964-1965</subfield></datafield><datafield ind1=" " ind2=" " tag="490"><subfield code="a">Afips Conference Proceedings</subfield></datafield><datafield ind1=" " ind2=" " tag="852"><subfield code="a">24175</subfield></datafield><datafield ind1=" " ind2=" " tag="CAT"><subfield code="a">SYS</subfield><subfield code="c">20170114</subfield><subfield code="h">000716</subfield></datafield></record></collection>